%% This BibTeX bibliography file was created using BibDesk.
%% http://bibdesk.sourceforge.net/


%% Created for Csaba at 2017-02-25 19:45:09 -0800 


%% Saved with string encoding Unicode (UTF-8) 



@article{td,
	Author = {Tsitsiklis, John N and Van Roy, Benjamin and others},
	Date-Modified = {2017-02-26 03:44:23 +0000},
	Journal = {IEEE Transactions on Automatic Control},
	Number = {5},
	Pages = {674--690},
	Title = {An analysis of temporal-difference learning with function approximation},
	Volume = {42},
	Year = {1997}}

@book{rl,
	Author = {Sutton, Richard S. and Barto, Andrew G.},
	Date-Modified = {2017-02-26 03:44:55 +0000},
	Publisher = {MIT press Cambridge},
	Title = {Reinforcement learning: An introduction},
	Year = {1998}}

@article{bertsekas,
	Author = {Wang, Mengdi and Polydorides, Nicolas and Bertsekas, Dimitri P},
	Journal = {Lab. for Information and Decision Systems Report LIDS-P-2819, MIT},
	Title = {Approximate simulation-based solution of large-scale least squares problems},
	Year = {2009}}

@article{bachharder,
	Author = {Dieuleveut, Aymeric and Flammarion, Nicolas and Bach, Francis},
	Date-Modified = {2017-02-24 03:51:41 +0000},
	Journal = {arXiv preprint arXiv:1602.05419},
	Title = {Harder, better, faster, stronger convergence rates for least-squares regression},
	Year = {2016}}

@article{sa,
	Author = {Borkar, Vivek S. and Meyn, Sean P.},
	Date-Modified = {2017-02-26 03:45:05 +0000},
	Journal = {SIAM Journal on Control and Optimization},
	Number = {2},
	Pages = {447--469},
	Publisher = {SIAM},
	Title = {The {ODE} method for convergence of stochastic approximation and reinforcement learning},
	Volume = {38},
	Year = {2000}}
